<?xml version="1.0" encoding="UTF-8"?>
  <record xmlns="http://www.loc.gov/MARC21/slim" type="Authority">
    <leader>00000nz  a2200000nc 4500</leader>
    <controlfield tag="001">100338127</controlfield>
    <controlfield tag="003">DE-101</controlfield>
    <controlfield tag="005">20220311163414.0</controlfield>
    <controlfield tag="008">900615n||aznnnaabn           | aaa    |c</controlfield>
    <datafield tag="024" ind1="7" ind2=" ">
      <subfield code="a">100338127</subfield>
      <subfield code="0">http://d-nb.info/gnd/100338127</subfield>
      <subfield code="2">gnd</subfield>
    </datafield>
    <datafield tag="035" ind1=" " ind2=" ">
      <subfield code="a">(DE-101)100338127</subfield>
    </datafield>
    <datafield tag="035" ind1=" " ind2=" ">
      <subfield code="a">(DE-588)100338127</subfield>
    </datafield>
    <datafield tag="035" ind1=" " ind2=" ">
      <subfield code="z">(DE-588)108972487X</subfield>
    </datafield>
    <datafield tag="035" ind1=" " ind2=" ">
      <subfield code="z">(DE-588)108961506X</subfield>
    </datafield>
    <datafield tag="035" ind1=" " ind2=" ">
      <subfield code="z">(DE-588)119830930</subfield>
    </datafield>
    <datafield tag="035" ind1=" " ind2=" ">
      <subfield code="z">(DE-588a)119830930</subfield>
      <subfield code="9">v:zg</subfield>
    </datafield>
    <datafield tag="035" ind1=" " ind2=" ">
      <subfield code="z">(DE-588)177402598</subfield>
    </datafield>
    <datafield tag="035" ind1=" " ind2=" ">
      <subfield code="z">(DE-588a)177402598</subfield>
      <subfield code="9">v:zg</subfield>
    </datafield>
    <datafield tag="035" ind1=" " ind2=" ">
      <subfield code="z">(DE-588)174061684</subfield>
    </datafield>
    <datafield tag="035" ind1=" " ind2=" ">
      <subfield code="z">(DE-588a)174061684</subfield>
      <subfield code="9">v:zg</subfield>
    </datafield>
    <datafield tag="035" ind1=" " ind2=" ">
      <subfield code="z">(DE-588)157830861</subfield>
    </datafield>
    <datafield tag="035" ind1=" " ind2=" ">
      <subfield code="z">(DE-588)178242551</subfield>
    </datafield>
    <datafield tag="035" ind1=" " ind2=" ">
      <subfield code="z">(DE-588a)178242551</subfield>
      <subfield code="9">v:zg</subfield>
    </datafield>
    <datafield tag="035" ind1=" " ind2=" ">
      <subfield code="z">(DE-588a)157830861</subfield>
      <subfield code="9">v:zg</subfield>
    </datafield>
    <datafield tag="035" ind1=" " ind2=" ">
      <subfield code="z">(DE-588a)100338127</subfield>
      <subfield code="9">v:zg</subfield>
    </datafield>
    <datafield tag="040" ind1=" " ind2=" ">
      <subfield code="a">DE-12</subfield>
      <subfield code="c">DE-12</subfield>
      <subfield code="9">r:DE-12</subfield>
      <subfield code="b">ger</subfield>
      <subfield code="d">9999</subfield>
    </datafield>
    <datafield tag="042" ind1=" " ind2=" ">
      <subfield code="a">gnd1</subfield>
    </datafield>
    <datafield tag="043" ind1=" " ind2=" ">
      <subfield code="c">XS</subfield>
    </datafield>
    <datafield tag="075" ind1=" " ind2=" ">
      <subfield code="b">p</subfield>
      <subfield code="2">gndgen</subfield>
    </datafield>
    <datafield tag="075" ind1=" " ind2=" ">
      <subfield code="b">piz</subfield>
      <subfield code="2">gndspec</subfield>
    </datafield>
    <datafield tag="079" ind1=" " ind2=" ">
      <subfield code="a">g</subfield>
      <subfield code="q">f</subfield>
      <subfield code="q">p</subfield>
    </datafield>
    <datafield tag="100" ind1="0" ind2=" ">
      <subfield code="a">Sextus</subfield>
      <subfield code="c">Pythagoreus</subfield>
      <subfield code="d">ca. 2. Jh.</subfield>
    </datafield>
    <datafield tag="400" ind1="0" ind2=" ">
      <subfield code="a">Sixtus</subfield>
      <subfield code="c">Pythagoraeus</subfield>
      <subfield code="d">ca. 2. Jh.</subfield>
    </datafield>
    <datafield tag="400" ind1="0" ind2=" ">
      <subfield code="a">Sextius</subfield>
      <subfield code="c">Pythagoraeus</subfield>
      <subfield code="d">ca. 2. Jh.</subfield>
    </datafield>
    <datafield tag="400" ind1="0" ind2=" ">
      <subfield code="a">Sextus</subfield>
      <subfield code="c">Pythagoricus</subfield>
      <subfield code="d">ca. 2. Jh.</subfield>
    </datafield>
    <datafield tag="400" ind1="0" ind2=" ">
      <subfield code="a">Xistus</subfield>
      <subfield code="c">Philosophus</subfield>
      <subfield code="d">ca. 2. Jh.</subfield>
    </datafield>
    <datafield tag="400" ind1="0" ind2=" ">
      <subfield code="a">Xystus</subfield>
      <subfield code="c">Philosophus</subfield>
      <subfield code="d">ca. 2. Jh.</subfield>
    </datafield>
    <datafield tag="400" ind1="0" ind2=" ">
      <subfield code="a">Sextus</subfield>
      <subfield code="c">Philosophus</subfield>
      <subfield code="d">ca. 2. Jh.</subfield>
    </datafield>
    <datafield tag="400" ind1="0" ind2=" ">
      <subfield code="a">Sextus</subfield>
      <subfield code="c">Pythagoraeus</subfield>
      <subfield code="d">ca. 2. Jh.</subfield>
    </datafield>
    <datafield tag="400" ind1="0" ind2=" ">
      <subfield code="a">Sextos</subfield>
      <subfield code="c">Verfasser einer Spruchsammlung</subfield>
      <subfield code="d">ca. 2. Jh.</subfield>
    </datafield>
    <datafield tag="400" ind1="0" ind2=" ">
      <subfield code="a">Sextos</subfield>
      <subfield code="c">Pythagoreer</subfield>
      <subfield code="d">ca. 2. Jh.</subfield>
    </datafield>
    <datafield tag="400" ind1="0" ind2=" ">
      <subfield code="a">Sextus</subfield>
      <subfield code="c">Pythagoreiōn</subfield>
      <subfield code="d">ca. 2. Jh.</subfield>
    </datafield>
    <datafield tag="400" ind1="0" ind2=" ">
      <subfield code="a">Sextus</subfield>
      <subfield code="c">Quidam</subfield>
      <subfield code="d">ca. 2. Jh.</subfield>
    </datafield>
    <datafield tag="400" ind1="0" ind2=" ">
      <subfield code="a">Sextus</subfield>
      <subfield code="d">ca. 2. Jh.</subfield>
    </datafield>
    <datafield tag="400" ind1="0" ind2=" ">
      <subfield code="a">Pseudo-Sextus</subfield>
      <subfield code="d">ca. 2. Jh.</subfield>
    </datafield>
    <datafield tag="400" ind1="0" ind2=" ">
      <subfield code="a">Sesto</subfield>
      <subfield code="d">ca. 2. Jh.</subfield>
    </datafield>
    <datafield tag="400" ind1="0" ind2=" ">
      <subfield code="a">Sextius</subfield>
      <subfield code="c">Pythagoricus</subfield>
      <subfield code="d">ca. 2. Jh.</subfield>
    </datafield>
    <datafield tag="400" ind1="0" ind2=" ">
      <subfield code="a">Xystus</subfield>
      <subfield code="c">Pythagoricus</subfield>
      <subfield code="d">ca. 2. Jh.</subfield>
    </datafield>
    <datafield tag="548" ind1=" " ind2=" ">
      <subfield code="a">ca. 2. Jh.</subfield>
      <subfield code="4">datl</subfield>
      <subfield code="4">https://d-nb.info/standards/elementset/gnd#associatedDate</subfield>
      <subfield code="w">r</subfield>
      <subfield code="i">Lebensdaten</subfield>
    </datafield>
    <datafield tag="667" ind1=" " ind2=" ">
      <subfield code="a">12</subfield>
    </datafield>
    <datafield tag="667" ind1=" " ind2=" ">
      <subfield code="a">7</subfield>
    </datafield>
    <datafield tag="667" ind1=" " ind2=" ">
      <subfield code="a">12-PAN</subfield>
    </datafield>
    <datafield tag="667" ind1=" " ind2=" ">
      <subfield code="a">VD-17</subfield>
    </datafield>
    <datafield tag="672" ind1=" " ind2="0">
      <subfield code="a">Sextus &lt;Pythagoraeus&gt;: Enchiridion</subfield>
      <subfield code="f">1516</subfield>
    </datafield>
    <datafield tag="672" ind1=" " ind2="0">
      <subfield code="a">Sextus &lt;Pythagoraeus&gt;: Sententiae Sixti aut Xisti</subfield>
      <subfield code="f">1574</subfield>
    </datafield>
    <datafield tag="672" ind1=" " ind2="0">
      <subfield code="a">Sextus &lt;Pythagoraeus&gt;: Enchiridion</subfield>
      <subfield code="f">1725</subfield>
    </datafield>
    <datafield tag="672" ind1=" " ind2="0">
      <subfield code="a">Sextus &lt;Pythagoraeus&gt;: Sententiae. - s.a.</subfield>
    </datafield>
    <datafield tag="672" ind1=" " ind2="0">
      <subfield code="a">Sextus &lt;Pythagoraeus&gt;: Sententiae de moribus</subfield>
      <subfield code="f">1614</subfield>
    </datafield>
    <datafield tag="672" ind1=" " ind2="0">
      <subfield code="a">Sextus &lt;Pythagoraeus&gt;: Sententiae</subfield>
      <subfield code="f">1516</subfield>
    </datafield>
    <datafield tag="672" ind1=" " ind2="0">
      <subfield code="a">Demophilus: Opuscula Graecorum veterum sententiosa sive Demophili, Democratis, Secundi [e*</subfield>
      <subfield code="f">1819</subfield>
    </datafield>
    <datafield tag="672" ind1=" " ind2="0">
      <subfield code="a">Cato, Marcus Porcius: Christiani hominis institutum. 1520. (VD16 C 1606)</subfield>
    </datafield>
    <datafield tag="672" ind1=" " ind2="0">
      <subfield code="a">Sextus Pythagoraeus: Enchiridion Sixti Philosophi Pythagorici. PYTHAGORAE PHILOSOPHI AVREA VERBA SEV ... 1514. (VD16 ZV 14386)</subfield>
    </datafield>
    <datafield tag="672" ind1=" " ind2="0">
      <subfield code="a">Sextus Pythagoraeus: ENCHIRIDION XYSTI PYthagorici, Rufino interprete, Sententias continens pleras\[que], pias, &amp; ... 1520. (VD16 S 6159)</subfield>
    </datafield>
    <datafield tag="672" ind1=" " ind2="0">
      <subfield code="a">Sextus Pythagoraeus: SENTENTIAE SIXTI AVT XISTI, QVAE VERAE SAPIENTItiae praeceptis refertae sunt, &amp; ad ... 1574. (VD16 S 6163)</subfield>
    </datafield>
    <datafield tag="672" ind1=" " ind2="0">
      <subfield code="a">Sextus Pythagoraeus: XISTI PHILOSOPHI Pythagorici Enchiridion, dignũ hercule quod nun\[que] deponatur e ... 1518. (VD16 S 6157)</subfield>
    </datafield>
    <datafield tag="672" ind1=" " ind2="0">
      <subfield code="a">Sextus Pythagoraeus: XISTI PHILOSOPHI PYTHAGORICI ENCHIridion, dignum hercule quod nunq̃ depona\[tur] e ... 1518. (VD16 S 6156)</subfield>
    </datafield>
    <datafield tag="672" ind1=" " ind2="0">
      <subfield code="a">Sextus Pythagoraeus: XYSTI PHILOSOPHI PYTHAGORICI ENCHIRIDION, DIGNVM HERcule quod nun\[qua...] deponatur e ... 1522. (VD16 S 6160)</subfield>
    </datafield>
    <datafield tag="678" ind1=" " ind2=" ">
      <subfield code="b">angebl. Verf. der "Sententiae Sexti"</subfield>
    </datafield>
    <datafield tag="913" ind1=" " ind2=" ">
      <subfield code="S">pnd</subfield>
      <subfield code="i">5</subfield>
      <subfield code="a">Sextus &lt;Pythagoreus&gt;</subfield>
      <subfield code="0">(DE-588a)100338127</subfield>
    </datafield>
    <datafield tag="913" ind1=" " ind2=" ">
      <subfield code="S">pnd</subfield>
      <subfield code="i">5</subfield>
      <subfield code="a">Sextus Pythagoreus</subfield>
      <subfield code="0">(DE-588a)157830861</subfield>
    </datafield>
    <datafield tag="913" ind1=" " ind2=" ">
      <subfield code="S">pnd</subfield>
      <subfield code="i">5</subfield>
      <subfield code="a">Sextus &lt;Pythagoreus&gt;</subfield>
      <subfield code="0">(DE-588a)178242551</subfield>
    </datafield>
    <datafield tag="913" ind1=" " ind2=" ">
      <subfield code="S">pnd</subfield>
      <subfield code="i">5</subfield>
      <subfield code="a">Sextus &lt;Pythagoreus&gt;</subfield>
      <subfield code="0">(DE-588a)174061684</subfield>
    </datafield>
    <datafield tag="913" ind1=" " ind2=" ">
      <subfield code="S">pnd</subfield>
      <subfield code="i">5</subfield>
      <subfield code="a">Sextus &lt;Pythagoraeus&gt;</subfield>
      <subfield code="0">(DE-588a)177402598</subfield>
    </datafield>
    <datafield tag="913" ind1=" " ind2=" ">
      <subfield code="S">pnd</subfield>
      <subfield code="i">5</subfield>
      <subfield code="a">Sextus Pythagoraeus</subfield>
      <subfield code="0">(DE-588a)119830930</subfield>
    </datafield>
  </record>
